@article{everingham2010pascal,
  title={The pascal visual object classes (voc) challenge},
  author={Everingham, Mark and Van Gool, Luc and Williams, Christopher KI and Winn, John and Zisserman, Andrew},
  journal={International journal of computer vision},
  volume={88},
  number={2},
  pages={303--338},
  year={2010},
  publisher={Springer}
}
@article{DBLP:journals/corr/RedmonF16,
  author    = {Joseph Redmon and
               Ali Farhadi},
  title     = {{YOLO9000:} Better, Faster, Stronger},
  journal   = {CoRR},
  volume    = {abs/1612.08242},
  year      = {2016},
  url       = {http://arxiv.org/abs/1612.08242},
  timestamp = {Mon, 02 Jan 2017 11:09:15 +0100},
  biburl    = {http://dblp.uni-trier.de/rec/bib/journals/corr/RedmonF16},
  bibsource = {dblp computer science bibliography, http://dblp.org}
}
@inproceedings{liu2016ssd,
  title = {{SSD}: Single Shot MultiBox Detector},
  author = {Liu, Wei and Anguelov, Dragomir and Erhan, Dumitru and Szegedy, Christian and Reed, Scott and Fu, Cheng-Yang and Berg, Alexander C.},
  booktitle = {ECCV},
  year = {2016}
}
@article{DBLP:journals/corr/RenHG015,
  author    = {Shaoqing Ren and
               Kaiming He and
               Ross B. Girshick and
               Jian Sun},
  title     = {Faster {R-CNN:} Towards Real-Time Object Detection with Region Proposal
               Networks},
  journal   = {CoRR},
  volume    = {abs/1506.01497},
  year      = {2015},
  url       = {http://arxiv.org/abs/1506.01497},
  timestamp = {Wed, 01 Jul 2015 15:10:24 +0200},
  biburl    = {http://dblp.uni-trier.de/rec/bib/journals/corr/RenHG015},
  bibsource = {dblp computer science bibliography, http://dblp.org}
}
@article{MOT16,
	title = {{MOT}16: {A} Benchmark for Multi-Object Tracking},
	shorttitle = {MOT16},
	url = {http://arxiv.org/abs/1603.00831},
	journal = {arXiv:1603.00831 [cs]},
	author = {Milan, A. and Leal-Taix\'{e}, L. and Reid, I. and Roth, S. and Schindler, K.},
	month = mar,
	year = {2016},
	note = {arXiv: 1603.00831},
	keywords = {Computer Science - Computer Vision and Pattern Recognition}
}
@article{felzenszwalb2010object,
  title={Object detection with discriminatively trained part-based models},
  author={Felzenszwalb, Pedro F and Girshick, Ross B and McAllester, David and Ramanan, Deva},
  journal={IEEE transactions on pattern analysis and machine intelligence},
  volume={32},
  number={9},
  pages={1627--1645},
  year={2010},
  publisher={IEEE}
}